@book{classtext,
	 author    = "Julia {Lobur} and Linda {Null}",
	 title     = "The Essentials of Computer Organization and Architecture",
	 publisher = "Jones \& Bartlett Learning",
	 year      =  2015,
	 address   = "Wall Street, New York",
	 edition   = "Fourth Edition"
}

@book{riscGuide,
	Address = {New York},
	Author = {Sivarama P. Dandamudi},
	Booktitle = {Guide to RISC Processors},
	Date = {2005},
	Origdate = {1973},
	Publisher = {Springer Science+Business Media, Inc.},
	Title = {Guide to RISC Processors}}

@book{a7man,
	Title   	=	"ARM Architecture Reference Manual",
	Organization = "ARM",
	year = 2005
}

@book{a15man,
	Title   	=	"ARM Cortex-A15 MPCore Processor",
	Organization = "ARM",
	year = 2005	
}

@article{steveFurber,
	Title = "An Interview with Steve Furber",
	Author = "Jason Fitzpatrick",
	Journal = "Communications of the ACM",
	Year = 2011,
	Volume = "54",
	Number = "5"
}